@inproceedings{weiss2011home,
  title={Home 3D body scans from noisy image and range data},
  author={Weiss, A. and Hirshberg, D. and Black, M.J.},
  booktitle={Computer Vision (ICCV), 2011 IEEE International Conference on},
  pages={1951--1958},
  year={2011},
  organization={IEEE}
}
